%cole aqui seus bibitex e nao esque√ßa de alterar o identificador